%YAML 1.1
%TAG !u! tag:unity3d.com,2011:
--- !u!1 &852692421735900746
GameObject:
  m_ObjectHideFlags: 0
  m_CorrespondingSourceObject: {fileID: 0}
  m_PrefabInstance: {fileID: 0}
  m_PrefabAsset: {fileID: 0}
  serializedVersion: 6
  m_Component:
  - component: {fileID: 3509573235294664226}
  - component: {fileID: 8356824893923283445}
  - component: {fileID: 6972262313104690302}
  m_Layer: 9
  m_Name: Factory
  m_TagString: Untagged
  m_Icon: {fileID: 0}
  m_NavMeshLayer: 0
  m_StaticEditorFlags: 0
  m_IsActive: 1
--- !u!4 &3509573235294664226
Transform:
  m_ObjectHideFlags: 0
  m_CorrespondingSourceObject: {fileID: 0}
  m_PrefabInstance: {fileID: 0}
  m_PrefabAsset: {fileID: 0}
  m_GameObject: {fileID: 852692421735900746}
  m_LocalRotation: {x: 0, y: 0, z: 0, w: 1}
  m_LocalPosition: {x: 0, y: 0, z: 0}
  m_LocalScale: {x: 1, y: 1, z: 1}
  m_Children:
  - {fileID: 2894103641583240106}
  m_Father: {fileID: 0}
  m_RootOrder: 0
  m_LocalEulerAnglesHint: {x: 0, y: 0, z: 0}
--- !u!114 &8356824893923283445
MonoBehaviour:
  m_ObjectHideFlags: 0
  m_CorrespondingSourceObject: {fileID: 0}
  m_PrefabInstance: {fileID: 0}
  m_PrefabAsset: {fileID: 0}
  m_GameObject: {fileID: 852692421735900746}
  m_Enabled: 1
  m_EditorHideFlags: 0
  m_Script: {fileID: 11500000, guid: 8a44380df88ab6048b0570a8ad702009, type: 3}
  m_Name: 
  m_EditorClassIdentifier: 
  buildingType: 3
  gameManager_Building: {fileID: 0}
  buildingPrefab: {fileID: 3246215661290376284}
  tile: {fileID: 0}
  HappinessModifier: 5
  cost: 250
  Employees: []
--- !u!95 &6972262313104690302
Animator:
  serializedVersion: 3
  m_ObjectHideFlags: 0
  m_CorrespondingSourceObject: {fileID: 0}
  m_PrefabInstance: {fileID: 0}
  m_PrefabAsset: {fileID: 0}
  m_GameObject: {fileID: 852692421735900746}
  m_Enabled: 1
  m_Avatar: {fileID: 0}
  m_Controller: {fileID: 9100000, guid: 42fbed43c9098ef4da84c366a91acc6a, type: 2}
  m_CullingMode: 0
  m_UpdateMode: 0
  m_ApplyRootMotion: 0
  m_LinearVelocityBlending: 0
  m_WarningMessage: 
  m_HasTransformHierarchy: 1
  m_AllowConstantClipSamplingOptimization: 1
  m_KeepAnimatorControllerStateOnDisable: 0
--- !u!1 &2250224801241430685
GameObject:
  m_ObjectHideFlags: 0
  m_CorrespondingSourceObject: {fileID: 5208216560747241407, guid: 363a94caafd6e1140acf0bafecfb3956,
    type: 3}
  m_PrefabInstance: {fileID: 4574923000396609719}
  m_PrefabAsset: {fileID: 0}
  serializedVersion: 6
  m_Component:
  - component: {fileID: 8854756259470630073}
  - component: {fileID: 478494659111478784}
  - component: {fileID: 2163439067550621491}
  - component: {fileID: 222542344829023633}
  m_Layer: 0
  m_Name: Street_Straight
  m_TagString: Untagged
  m_Icon: {fileID: 0}
  m_NavMeshLayer: 0
  m_StaticEditorFlags: 0
  m_IsActive: 1
--- !u!4 &8854756259470630073
Transform:
  m_ObjectHideFlags: 0
  m_CorrespondingSourceObject: {fileID: 5210060933131582237, guid: 363a94caafd6e1140acf0bafecfb3956,
    type: 3}
  m_PrefabInstance: {fileID: 4574923000396609719}
  m_PrefabAsset: {fileID: 0}
  m_GameObject: {fileID: 2250224801241430685}
  m_LocalRotation: {x: -0, y: 0.7071068, z: -0, w: 0.7071068}
  m_LocalPosition: {x: -1.016, y: 0.503, z: 0.22}
  m_LocalScale: {x: 0.10000006, y: 0.1, z: 0.47600192}
  m_Children: []
  m_Father: {fileID: 2894103641583240106}
  m_RootOrder: 6
  m_LocalEulerAnglesHint: {x: 0, y: 90, z: 0}
--- !u!33 &478494659111478784
MeshFilter:
  m_ObjectHideFlags: 0
  m_CorrespondingSourceObject: {fileID: 5204808704015407477, guid: 363a94caafd6e1140acf0bafecfb3956,
    type: 3}
  m_PrefabInstance: {fileID: 4574923000396609719}
  m_PrefabAsset: {fileID: 0}
  m_GameObject: {fileID: 2250224801241430685}
  m_Mesh: {fileID: 4300000, guid: 6b1e1de6630b43f47a9e9d33ffd6c5a4, type: 3}
--- !u!23 &2163439067550621491
MeshRenderer:
  m_ObjectHideFlags: 0
  m_CorrespondingSourceObject: {fileID: 5193203179420928475, guid: 363a94caafd6e1140acf0bafecfb3956,
    type: 3}
  m_PrefabInstance: {fileID: 4574923000396609719}
  m_PrefabAsset: {fileID: 0}
  m_GameObject: {fileID: 2250224801241430685}
  m_Enabled: 1
  m_CastShadows: 1
  m_ReceiveShadows: 1
  m_DynamicOccludee: 1
  m_MotionVectors: 1
  m_LightProbeUsage: 1
  m_ReflectionProbeUsage: 1
  m_RenderingLayerMask: 4294967295
  m_RendererPriority: 0
  m_Materials:
  - {fileID: 2100000, guid: 14a1a7d8e75042e49b9c79853b65f46d, type: 2}
  m_StaticBatchInfo:
    firstSubMesh: 0
    subMeshCount: 0
  m_StaticBatchRoot: {fileID: 0}
  m_ProbeAnchor: {fileID: 0}
  m_LightProbeVolumeOverride: {fileID: 0}
  m_ScaleInLightmap: 1
  m_PreserveUVs: 0
  m_IgnoreNormalsForChartDetection: 0
  m_ImportantGI: 0
  m_StitchLightmapSeams: 0
  m_SelectedEditorRenderState: 3
  m_MinimumChartSize: 4
  m_AutoUVMaxDistance: 0.5
  m_AutoUVMaxAngle: 89
  m_LightmapParameters: {fileID: 0}
  m_SortingLayerID: 0
  m_SortingLayer: 0
  m_SortingOrder: 0
--- !u!64 &222542344829023633
MeshCollider:
  m_ObjectHideFlags: 0
  m_CorrespondingSourceObject: {fileID: 5234599506578892631, guid: 363a94caafd6e1140acf0bafecfb3956,
    type: 3}
  m_PrefabInstance: {fileID: 4574923000396609719}
  m_PrefabAsset: {fileID: 0}
  m_GameObject: {fileID: 2250224801241430685}
  m_Material: {fileID: 0}
  m_IsTrigger: 0
  m_Enabled: 1
  serializedVersion: 3
  m_Convex: 0
  m_CookingOptions: 14
  m_Mesh: {fileID: 4300000, guid: 9a2363d4c02443f4684ff856228d843c, type: 3}
--- !u!1 &3246215661290376284
GameObject:
  m_ObjectHideFlags: 0
  m_CorrespondingSourceObject: {fileID: 8116011888387068150, guid: 363a94caafd6e1140acf0bafecfb3956,
    type: 3}
  m_PrefabInstance: {fileID: 4574923000396609719}
  m_PrefabAsset: {fileID: 0}
  serializedVersion: 6
  m_Component:
  - component: {fileID: 2894103641583240106}
  m_Layer: 0
  m_Name: Factory_Model
  m_TagString: Untagged
  m_Icon: {fileID: 0}
  m_NavMeshLayer: 0
  m_StaticEditorFlags: 0
  m_IsActive: 1
--- !u!4 &2894103641583240106
Transform:
  m_ObjectHideFlags: 0
  m_CorrespondingSourceObject: {fileID: 4499823706382690945, guid: 363a94caafd6e1140acf0bafecfb3956,
    type: 3}
  m_PrefabInstance: {fileID: 4574923000396609719}
  m_PrefabAsset: {fileID: 0}
  m_GameObject: {fileID: 3246215661290376284}
  m_LocalRotation: {x: -0.7071068, y: -0, z: -0, w: 0.7071068}
  m_LocalPosition: {x: -0.0017000001, y: 0.001700001, z: 0.010700002}
  m_LocalScale: {x: 0.01, y: 0.01, z: 0.01}
  m_Children:
  - {fileID: 8250685534265113006}
  - {fileID: 4423347350242525962}
  - {fileID: 9161175738066049810}
  - {fileID: 3571321985248505783}
  - {fileID: 4860681272767131290}
  - {fileID: 2579194143294760722}
  - {fileID: 8854756259470630073}
  - {fileID: 1530946456399447099}
  - {fileID: 6205285301270676952}
  m_Father: {fileID: 3509573235294664226}
  m_RootOrder: 0
  m_LocalEulerAnglesHint: {x: -90, y: 0, z: 0}
--- !u!1 &4125778532546214973
GameObject:
  m_ObjectHideFlags: 0
  m_CorrespondingSourceObject: {fileID: 5698314522019847249, guid: 363a94caafd6e1140acf0bafecfb3956,
    type: 3}
  m_PrefabInstance: {fileID: 4574923000396609719}
  m_PrefabAsset: {fileID: 0}
  serializedVersion: 6
  m_Component:
  - component: {fileID: 4860681272767131290}
  - component: {fileID: 7058624498916422914}
  - component: {fileID: 217756307495847857}
  - component: {fileID: 8103722532956356572}
  m_Layer: 0
  m_Name: Lantern2
  m_TagString: Untagged
  m_Icon: {fileID: 0}
  m_NavMeshLayer: 0
  m_StaticEditorFlags: 0
  m_IsActive: 1
--- !u!4 &4860681272767131290
Transform:
  m_ObjectHideFlags: 0
  m_CorrespondingSourceObject: {fileID: 5694657150167221563, guid: 363a94caafd6e1140acf0bafecfb3956,
    type: 3}
  m_PrefabInstance: {fileID: 4574923000396609719}
  m_PrefabAsset: {fileID: 0}
  m_GameObject: {fileID: 4125778532546214973}
  m_LocalRotation: {x: -0, y: -0.7071068, z: -0, w: 0.7071068}
  m_LocalPosition: {x: 0.41131794, y: 0.49217087, z: -0.66341853}
  m_LocalScale: {x: 0.10000006, y: 0.1, z: 0.10000006}
  m_Children: []
  m_Father: {fileID: 2894103641583240106}
  m_RootOrder: 4
  m_LocalEulerAnglesHint: {x: 0, y: -90, z: 0}
--- !u!33 &7058624498916422914
MeshFilter:
  m_ObjectHideFlags: 0
  m_CorrespondingSourceObject: {fileID: 5719929347582875193, guid: 363a94caafd6e1140acf0bafecfb3956,
    type: 3}
  m_PrefabInstance: {fileID: 4574923000396609719}
  m_PrefabAsset: {fileID: 0}
  m_GameObject: {fileID: 4125778532546214973}
  m_Mesh: {fileID: 4300002, guid: 5c3b34a07de624c49b4e3151b2bc652b, type: 3}
--- !u!23 &217756307495847857
MeshRenderer:
  m_ObjectHideFlags: 0
  m_CorrespondingSourceObject: {fileID: 5711424598538324099, guid: 363a94caafd6e1140acf0bafecfb3956,
    type: 3}
  m_PrefabInstance: {fileID: 4574923000396609719}
  m_PrefabAsset: {fileID: 0}
  m_GameObject: {fileID: 4125778532546214973}
  m_Enabled: 1
  m_CastShadows: 1
  m_ReceiveShadows: 1
  m_DynamicOccludee: 1
  m_MotionVectors: 1
  m_LightProbeUsage: 1
  m_ReflectionProbeUsage: 1
  m_RenderingLayerMask: 4294967295
  m_RendererPriority: 0
  m_Materials:
  - {fileID: 2100000, guid: 14a1a7d8e75042e49b9c79853b65f46d, type: 2}
  - {fileID: 2100000, guid: 14a1a7d8e75042e49b9c79853b65f46d, type: 2}
  m_StaticBatchInfo:
    firstSubMesh: 0
    subMeshCount: 0
  m_StaticBatchRoot: {fileID: 0}
  m_ProbeAnchor: {fileID: 0}
  m_LightProbeVolumeOverride: {fileID: 0}
  m_ScaleInLightmap: 1
  m_PreserveUVs: 0
  m_IgnoreNormalsForChartDetection: 0
  m_ImportantGI: 0
  m_StitchLightmapSeams: 0
  m_SelectedEditorRenderState: 3
  m_MinimumChartSize: 4
  m_AutoUVMaxDistance: 0.5
  m_AutoUVMaxAngle: 89
  m_LightmapParameters: {fileID: 0}
  m_SortingLayerID: 0
  m_SortingLayer: 0
  m_SortingOrder: 0
--- !u!64 &8103722532956356572
MeshCollider:
  m_ObjectHideFlags: 0
  m_CorrespondingSourceObject: {fileID: 5761073422224654155, guid: 363a94caafd6e1140acf0bafecfb3956,
    type: 3}
  m_PrefabInstance: {fileID: 4574923000396609719}
  m_PrefabAsset: {fileID: 0}
  m_GameObject: {fileID: 4125778532546214973}
  m_Material: {fileID: 0}
  m_IsTrigger: 0
  m_Enabled: 1
  serializedVersion: 3
  m_Convex: 0
  m_CookingOptions: 14
  m_Mesh: {fileID: 4300000, guid: 555fbed4609d9e34b92ee3a4febaf115, type: 3}
--- !u!1 &5552508754221011166
GameObject:
  m_ObjectHideFlags: 0
  m_CorrespondingSourceObject: {fileID: 4546583143148766989, guid: 363a94caafd6e1140acf0bafecfb3956,
    type: 3}
  m_PrefabInstance: {fileID: 4574923000396609719}
  m_PrefabAsset: {fileID: 0}
  serializedVersion: 6
  m_Component:
  - component: {fileID: 1530946456399447099}
  - component: {fileID: 7615582210827290528}
  - component: {fileID: 2263825000037450717}
  - component: {fileID: 8540318894316277694}
  m_Layer: 0
  m_Name: Factory4_1
  m_TagString: Untagged
  m_Icon: {fileID: 0}
  m_NavMeshLayer: 0
  m_StaticEditorFlags: 0
  m_IsActive: 1
--- !u!4 &1530946456399447099
Transform:
  m_ObjectHideFlags: 0
  m_CorrespondingSourceObject: {fileID: 4543787896201208193, guid: 363a94caafd6e1140acf0bafecfb3956,
    type: 3}
  m_PrefabInstance: {fileID: 4574923000396609719}
  m_PrefabAsset: {fileID: 0}
  m_GameObject: {fileID: 5552508754221011166}
  m_LocalRotation: {x: -0, y: 0.20517407, z: -0, w: 0.97872555}
  m_LocalPosition: {x: -0.36976194, y: 0.47790545, z: -0.9044185}
  m_LocalScale: {x: 0.081214, y: 0.082346, z: 0.079565}
  m_Children: []
  m_Father: {fileID: 2894103641583240106}
  m_RootOrder: 7
  m_LocalEulerAnglesHint: {x: 0, y: 23.679, z: 0}
--- !u!33 &7615582210827290528
MeshFilter:
  m_ObjectHideFlags: 0
  m_CorrespondingSourceObject: {fileID: 4568421616834248079, guid: 363a94caafd6e1140acf0bafecfb3956,
    type: 3}
  m_PrefabInstance: {fileID: 4574923000396609719}
  m_PrefabAsset: {fileID: 0}
  m_GameObject: {fileID: 5552508754221011166}
  m_Mesh: {fileID: 4300000, guid: 8c3b87d3618c53f4eb92207bfc5eab72, type: 3}
--- !u!23 &2263825000037450717
MeshRenderer:
  m_ObjectHideFlags: 0
  m_CorrespondingSourceObject: {fileID: 4561385232612983295, guid: 363a94caafd6e1140acf0bafecfb3956,
    type: 3}
  m_PrefabInstance: {fileID: 4574923000396609719}
  m_PrefabAsset: {fileID: 0}
  m_GameObject: {fileID: 5552508754221011166}
  m_Enabled: 1
  m_CastShadows: 1
  m_ReceiveShadows: 1
  m_DynamicOccludee: 1
  m_MotionVectors: 1
  m_LightProbeUsage: 1
  m_ReflectionProbeUsage: 1
  m_RenderingLayerMask: 4294967295
  m_RendererPriority: 0
  m_Materials:
  - {fileID: 2100000, guid: 14a1a7d8e75042e49b9c79853b65f46d, type: 2}
  - {fileID: 2100000, guid: 14a1a7d8e75042e49b9c79853b65f46d, type: 2}
  m_StaticBatchInfo:
    firstSubMesh: 0
    subMeshCount: 0
  m_StaticBatchRoot: {fileID: 0}
  m_ProbeAnchor: {fileID: 0}
  m_LightProbeVolumeOverride: {fileID: 0}
  m_ScaleInLightmap: 1
  m_PreserveUVs: 0
  m_IgnoreNormalsForChartDetection: 0
  m_ImportantGI: 0
  m_StitchLightmapSeams: 0
  m_SelectedEditorRenderState: 3
  m_MinimumChartSize: 4
  m_AutoUVMaxDistance: 0.5
  m_AutoUVMaxAngle: 89
  m_LightmapParameters: {fileID: 0}
  m_SortingLayerID: 0
  m_SortingLayer: 0
  m_SortingOrder: 0
--- !u!64 &8540318894316277694
MeshCollider:
  m_ObjectHideFlags: 0
  m_CorrespondingSourceObject: {fileID: 4610154253648787643, guid: 363a94caafd6e1140acf0bafecfb3956,
    type: 3}
  m_PrefabInstance: {fileID: 4574923000396609719}
  m_PrefabAsset: {fileID: 0}
  m_GameObject: {fileID: 5552508754221011166}
  m_Material: {fileID: 0}
  m_IsTrigger: 0
  m_Enabled: 1
  serializedVersion: 3
  m_Convex: 0
  m_CookingOptions: 14
  m_Mesh: {fileID: 4300000, guid: 66fed258d1f557443ab20c6410d84280, type: 3}
--- !u!1 &6174213497707638178
GameObject:
  m_ObjectHideFlags: 0
  m_CorrespondingSourceObject: {fileID: 1104940094748351172, guid: 363a94caafd6e1140acf0bafecfb3956,
    type: 3}
  m_PrefabInstance: {fileID: 4574923000396609719}
  m_PrefabAsset: {fileID: 0}
  serializedVersion: 6
  m_Component:
  - component: {fileID: 3571321985248505783}
  - component: {fileID: 3023927386889533774}
  - component: {fileID: 1509335775818286042}
  - component: {fileID: 4339363266565846886}
  m_Layer: 0
  m_Name: Trash_bin3_3
  m_TagString: Untagged
  m_Icon: {fileID: 0}
  m_NavMeshLayer: 0
  m_StaticEditorFlags: 0
  m_IsActive: 1
--- !u!4 &3571321985248505783
Transform:
  m_ObjectHideFlags: 0
  m_CorrespondingSourceObject: {fileID: 1107076854904137400, guid: 363a94caafd6e1140acf0bafecfb3956,
    type: 3}
  m_PrefabInstance: {fileID: 4574923000396609719}
  m_PrefabAsset: {fileID: 0}
  m_GameObject: {fileID: 6174213497707638178}
  m_LocalRotation: {x: -0, y: -0, z: -0, w: 1}
  m_LocalPosition: {x: 0.2672379, y: 0.4921708, z: -0.9474185}
  m_LocalScale: {x: 0.3, y: 0.3, z: 0.3}
  m_Children:
  - {fileID: 3928280973847342346}
  m_Father: {fileID: 2894103641583240106}
  m_RootOrder: 3
  m_LocalEulerAnglesHint: {x: 0, y: 0, z: 0}
--- !u!33 &3023927386889533774
MeshFilter:
  m_ObjectHideFlags: 0
  m_CorrespondingSourceObject: {fileID: 1093097109375344324, guid: 363a94caafd6e1140acf0bafecfb3956,
    type: 3}
  m_PrefabInstance: {fileID: 4574923000396609719}
  m_PrefabAsset: {fileID: 0}
  m_GameObject: {fileID: 6174213497707638178}
  m_Mesh: {fileID: 4300000, guid: d9bf5af17e181d24780df89a85fdb5da, type: 3}
--- !u!23 &1509335775818286042
MeshRenderer:
  m_ObjectHideFlags: 0
  m_CorrespondingSourceObject: {fileID: 1081051371420755296, guid: 363a94caafd6e1140acf0bafecfb3956,
    type: 3}
  m_PrefabInstance: {fileID: 4574923000396609719}
  m_PrefabAsset: {fileID: 0}
  m_GameObject: {fileID: 6174213497707638178}
  m_Enabled: 1
  m_CastShadows: 1
  m_ReceiveShadows: 1
  m_DynamicOccludee: 1
  m_MotionVectors: 1
  m_LightProbeUsage: 1
  m_ReflectionProbeUsage: 1
  m_RenderingLayerMask: 4294967295
  m_RendererPriority: 0
  m_Materials:
  - {fileID: 2100000, guid: 14a1a7d8e75042e49b9c79853b65f46d, type: 2}
  m_StaticBatchInfo:
    firstSubMesh: 0
    subMeshCount: 0
  m_StaticBatchRoot: {fileID: 0}
  m_ProbeAnchor: {fileID: 0}
  m_LightProbeVolumeOverride: {fileID: 0}
  m_ScaleInLightmap: 1
  m_PreserveUVs: 0
  m_IgnoreNormalsForChartDetection: 0
  m_ImportantGI: 0
  m_StitchLightmapSeams: 0
  m_SelectedEditorRenderState: 3
  m_MinimumChartSize: 4
  m_AutoUVMaxDistance: 0.5
  m_AutoUVMaxAngle: 89
  m_LightmapParameters: {fileID: 0}
  m_SortingLayerID: 0
  m_SortingLayer: 0
  m_SortingOrder: 0
--- !u!64 &4339363266565846886
MeshCollider:
  m_ObjectHideFlags: 0
  m_CorrespondingSourceObject: {fileID: 1131985849212726886, guid: 363a94caafd6e1140acf0bafecfb3956,
    type: 3}
  m_PrefabInstance: {fileID: 4574923000396609719}
  m_PrefabAsset: {fileID: 0}
  m_GameObject: {fileID: 6174213497707638178}
  m_Material: {fileID: 0}
  m_IsTrigger: 0
  m_Enabled: 1
  serializedVersion: 3
  m_Convex: 1
  m_CookingOptions: 14
  m_Mesh: {fileID: 4300000, guid: d9bf5af17e181d24780df89a85fdb5da, type: 3}
--- !u!1 &6679017602287958474
GameObject:
  m_ObjectHideFlags: 0
  m_CorrespondingSourceObject: {fileID: 8738687821534167054, guid: 363a94caafd6e1140acf0bafecfb3956,
    type: 3}
  m_PrefabInstance: {fileID: 4574923000396609719}
  m_PrefabAsset: {fileID: 0}
  serializedVersion: 6
  m_Component:
  - component: {fileID: 9161175738066049810}
  - component: {fileID: 7037858880413659275}
  - component: {fileID: 8457838561093140713}
  - component: {fileID: 2550450341569290205}
  m_Layer: 0
  m_Name: Tree9
  m_TagString: Untagged
  m_Icon: {fileID: 0}
  m_NavMeshLayer: 0
  m_StaticEditorFlags: 0
  m_IsActive: 1
--- !u!4 &9161175738066049810
Transform:
  m_ObjectHideFlags: 0
  m_CorrespondingSourceObject: {fileID: 8742459491254463312, guid: 363a94caafd6e1140acf0bafecfb3956,
    type: 3}
  m_PrefabInstance: {fileID: 4574923000396609719}
  m_PrefabAsset: {fileID: 0}
  m_GameObject: {fileID: 6679017602287958474}
  m_LocalRotation: {x: -0, y: -0, z: -0, w: 1}
  m_LocalPosition: {x: 1.159238, y: 0.492171, z: 0.446}
  m_LocalScale: {x: 0.2, y: 0.2, z: 0.2}
  m_Children: []
  m_Father: {fileID: 2894103641583240106}
  m_RootOrder: 2
  m_LocalEulerAnglesHint: {x: 0, y: 0, z: 0}
--- !u!33 &7037858880413659275
MeshFilter:
  m_ObjectHideFlags: 0
  m_CorrespondingSourceObject: {fileID: 8733987207575106666, guid: 363a94caafd6e1140acf0bafecfb3956,
    type: 3}
  m_PrefabInstance: {fileID: 4574923000396609719}
  m_PrefabAsset: {fileID: 0}
  m_GameObject: {fileID: 6679017602287958474}
  m_Mesh: {fileID: 4300000, guid: a5f61b1a3f84da843bf8b33190918d11, type: 3}
--- !u!23 &8457838561093140713
MeshRenderer:
  m_ObjectHideFlags: 0
  m_CorrespondingSourceObject: {fileID: 8723620163360408142, guid: 363a94caafd6e1140acf0bafecfb3956,
    type: 3}
  m_PrefabInstance: {fileID: 4574923000396609719}
  m_PrefabAsset: {fileID: 0}
  m_GameObject: {fileID: 6679017602287958474}
  m_Enabled: 1
  m_CastShadows: 1
  m_ReceiveShadows: 1
  m_DynamicOccludee: 1
  m_MotionVectors: 1
  m_LightProbeUsage: 1
  m_ReflectionProbeUsage: 1
  m_RenderingLayerMask: 4294967295
  m_RendererPriority: 0
  m_Materials:
  - {fileID: 2100000, guid: 14a1a7d8e75042e49b9c79853b65f46d, type: 2}
  - {fileID: 2100000, guid: 14a1a7d8e75042e49b9c79853b65f46d, type: 2}
  m_StaticBatchInfo:
    firstSubMesh: 0
    subMeshCount: 0
  m_StaticBatchRoot: {fileID: 0}
  m_ProbeAnchor: {fileID: 0}
  m_LightProbeVolumeOverride: {fileID: 0}
  m_ScaleInLightmap: 1
  m_PreserveUVs: 0
  m_IgnoreNormalsForChartDetection: 0
  m_ImportantGI: 0
  m_StitchLightmapSeams: 0
  m_SelectedEditorRenderState: 3
  m_MinimumChartSize: 4
  m_AutoUVMaxDistance: 0.5
  m_AutoUVMaxAngle: 89
  m_LightmapParameters: {fileID: 0}
  m_SortingLayerID: 0
  m_SortingLayer: 0
  m_SortingOrder: 0
--- !u!64 &2550450341569290205
MeshCollider:
  m_ObjectHideFlags: 0
  m_CorrespondingSourceObject: {fileID: 8766148087082452276, guid: 363a94caafd6e1140acf0bafecfb3956,
    type: 3}
  m_PrefabInstance: {fileID: 4574923000396609719}
  m_PrefabAsset: {fileID: 0}
  m_GameObject: {fileID: 6679017602287958474}
  m_Material: {fileID: 0}
  m_IsTrigger: 0
  m_Enabled: 1
  serializedVersion: 3
  m_Convex: 1
  m_CookingOptions: 14
  m_Mesh: {fileID: 4300000, guid: a5f61b1a3f84da843bf8b33190918d11, type: 3}
--- !u!1 &6954528124706075931
GameObject:
  m_ObjectHideFlags: 0
  m_CorrespondingSourceObject: {fileID: 6877918040085286772, guid: 363a94caafd6e1140acf0bafecfb3956,
    type: 3}
  m_PrefabInstance: {fileID: 4574923000396609719}
  m_PrefabAsset: {fileID: 0}
  serializedVersion: 6
  m_Component:
  - component: {fileID: 8250685534265113006}
  - component: {fileID: 8951136900129331300}
  - component: {fileID: 1513200996673482098}
  - component: {fileID: 3666971965988656915}
  m_Layer: 0
  m_Name: Lantern2 (1)
  m_TagString: Untagged
  m_Icon: {fileID: 0}
  m_NavMeshLayer: 0
  m_StaticEditorFlags: 0
  m_IsActive: 1
--- !u!4 &8250685534265113006
Transform:
  m_ObjectHideFlags: 0
  m_CorrespondingSourceObject: {fileID: 6872563778263881246, guid: 363a94caafd6e1140acf0bafecfb3956,
    type: 3}
  m_PrefabInstance: {fileID: 4574923000396609719}
  m_PrefabAsset: {fileID: 0}
  m_GameObject: {fileID: 6954528124706075931}
  m_LocalRotation: {x: -0, y: -0.7071068, z: -0, w: 0.7071068}
  m_LocalPosition: {x: 0.05823803, y: 0.49217087, z: -0.66341853}
  m_LocalScale: {x: 0.10000006, y: 0.1, z: 0.10000006}
  m_Children: []
  m_Father: {fileID: 2894103641583240106}
  m_RootOrder: 0
  m_LocalEulerAnglesHint: {x: 0, y: -90, z: 0}
--- !u!33 &8951136900129331300
MeshFilter:
  m_ObjectHideFlags: 0
  m_CorrespondingSourceObject: {fileID: 6847294106154812700, guid: 363a94caafd6e1140acf0bafecfb3956,
    type: 3}
  m_PrefabInstance: {fileID: 4574923000396609719}
  m_PrefabAsset: {fileID: 0}
  m_GameObject: {fileID: 6954528124706075931}
  m_Mesh: {fileID: 4300002, guid: 5c3b34a07de624c49b4e3151b2bc652b, type: 3}
--- !u!23 &1513200996673482098
MeshRenderer:
  m_ObjectHideFlags: 0
  m_CorrespondingSourceObject: {fileID: 6855660267879504806, guid: 363a94caafd6e1140acf0bafecfb3956,
    type: 3}
  m_PrefabInstance: {fileID: 4574923000396609719}
  m_PrefabAsset: {fileID: 0}
  m_GameObject: {fileID: 6954528124706075931}
  m_Enabled: 1
  m_CastShadows: 1
  m_ReceiveShadows: 1
  m_DynamicOccludee: 1
  m_MotionVectors: 1
  m_LightProbeUsage: 1
  m_ReflectionProbeUsage: 1
  m_RenderingLayerMask: 4294967295
  m_RendererPriority: 0
  m_Materials:
  - {fileID: 2100000, guid: 14a1a7d8e75042e49b9c79853b65f46d, type: 2}
  - {fileID: 2100000, guid: 14a1a7d8e75042e49b9c79853b65f46d, type: 2}
  m_StaticBatchInfo:
    firstSubMesh: 0
    subMeshCount: 0
  m_StaticBatchRoot: {fileID: 0}
  m_ProbeAnchor: {fileID: 0}
  m_LightProbeVolumeOverride: {fileID: 0}
  m_ScaleInLightmap: 1
  m_PreserveUVs: 0
  m_IgnoreNormalsForChartDetection: 0
  m_ImportantGI: 0
  m_StitchLightmapSeams: 0
  m_SelectedEditorRenderState: 3
  m_MinimumChartSize: 4
  m_AutoUVMaxDistance: 0.5
  m_AutoUVMaxAngle: 89
  m_LightmapParameters: {fileID: 0}
  m_SortingLayerID: 0
  m_SortingLayer: 0
  m_SortingOrder: 0
--- !u!64 &3666971965988656915
MeshCollider:
  m_ObjectHideFlags: 0
  m_CorrespondingSourceObject: {fileID: 6887214498489134190, guid: 363a94caafd6e1140acf0bafecfb3956,
    type: 3}
  m_PrefabInstance: {fileID: 4574923000396609719}
  m_PrefabAsset: {fileID: 0}
  m_GameObject: {fileID: 6954528124706075931}
  m_Material: {fileID: 0}
  m_IsTrigger: 0
  m_Enabled: 1
  serializedVersion: 3
  m_Convex: 0
  m_CookingOptions: 14
  m_Mesh: {fileID: 4300000, guid: 555fbed4609d9e34b92ee3a4febaf115, type: 3}
--- !u!1 &7068736614647431989
GameObject:
  m_ObjectHideFlags: 0
  m_CorrespondingSourceObject: {fileID: 1105502446566687460, guid: 363a94caafd6e1140acf0bafecfb3956,
    type: 3}
  m_PrefabInstance: {fileID: 4574923000396609719}
  m_PrefabAsset: {fileID: 0}
  serializedVersion: 6
  m_Component:
  - component: {fileID: 3928280973847342346}
  - component: {fileID: 3691261453583061445}
  - component: {fileID: 4003192738247059859}
  - component: {fileID: 1626756476529621579}
  m_Layer: 0
  m_Name: trash.004
  m_TagString: Untagged
  m_Icon: {fileID: 0}
  m_NavMeshLayer: 0
  m_StaticEditorFlags: 0
  m_IsActive: 1
--- !u!4 &3928280973847342346
Transform:
  m_ObjectHideFlags: 0
  m_CorrespondingSourceObject: {fileID: 1106885722617017224, guid: 363a94caafd6e1140acf0bafecfb3956,
    type: 3}
  m_PrefabInstance: {fileID: 4574923000396609719}
  m_PrefabAsset: {fileID: 0}
  m_GameObject: {fileID: 7068736614647431989}
  m_LocalRotation: {x: 0, y: -0.00000002980233, z: -0, w: 1}
  m_LocalPosition: {x: -0.0000012207031, y: 0.017690448, z: 0.00000061035155}
  m_LocalScale: {x: 0.9999998, y: 1, z: 1}
  m_Children: []
  m_Father: {fileID: 3571321985248505783}
  m_RootOrder: 0
  m_LocalEulerAnglesHint: {x: 0, y: 0, z: 0}
--- !u!33 &3691261453583061445
MeshFilter:
  m_ObjectHideFlags: 0
  m_CorrespondingSourceObject: {fileID: 1093105290155507568, guid: 363a94caafd6e1140acf0bafecfb3956,
    type: 3}
  m_PrefabInstance: {fileID: 4574923000396609719}
  m_PrefabAsset: {fileID: 0}
  m_GameObject: {fileID: 7068736614647431989}
  m_Mesh: {fileID: 4300002, guid: d9bf5af17e181d24780df89a85fdb5da, type: 3}
--- !u!23 &4003192738247059859
MeshRenderer:
  m_ObjectHideFlags: 0
  m_CorrespondingSourceObject: {fileID: 1081325849153317780, guid: 363a94caafd6e1140acf0bafecfb3956,
    type: 3}
  m_PrefabInstance: {fileID: 4574923000396609719}
  m_PrefabAsset: {fileID: 0}
  m_GameObject: {fileID: 7068736614647431989}
  m_Enabled: 1
  m_CastShadows: 1
  m_ReceiveShadows: 1
  m_DynamicOccludee: 1
  m_MotionVectors: 1
  m_LightProbeUsage: 1
  m_ReflectionProbeUsage: 1
  m_RenderingLayerMask: 4294967295
  m_RendererPriority: 0
  m_Materials:
  - {fileID: 2100000, guid: 14a1a7d8e75042e49b9c79853b65f46d, type: 2}
  - {fileID: 2100000, guid: 14a1a7d8e75042e49b9c79853b65f46d, type: 2}
  m_StaticBatchInfo:
    firstSubMesh: 0
    subMeshCount: 0
  m_StaticBatchRoot: {fileID: 0}
  m_ProbeAnchor: {fileID: 0}
  m_LightProbeVolumeOverride: {fileID: 0}
  m_ScaleInLightmap: 1
  m_PreserveUVs: 0
  m_IgnoreNormalsForChartDetection: 0
  m_ImportantGI: 0
  m_StitchLightmapSeams: 0
  m_SelectedEditorRenderState: 3
  m_MinimumChartSize: 4
  m_AutoUVMaxDistance: 0.5
  m_AutoUVMaxAngle: 89
  m_LightmapParameters: {fileID: 0}
  m_SortingLayerID: 0
  m_SortingLayer: 0
  m_SortingOrder: 0
--- !u!64 &1626756476529621579
MeshCollider:
  m_ObjectHideFlags: 0
  m_CorrespondingSourceObject: {fileID: 1132016692402735312, guid: 363a94caafd6e1140acf0bafecfb3956,
    type: 3}
  m_PrefabInstance: {fileID: 4574923000396609719}
  m_PrefabAsset: {fileID: 0}
  m_GameObject: {fileID: 7068736614647431989}
  m_Material: {fileID: 0}
  m_IsTrigger: 0
  m_Enabled: 1
  serializedVersion: 3
  m_Convex: 1
  m_CookingOptions: 14
  m_Mesh: {fileID: 4300002, guid: d9bf5af17e181d24780df89a85fdb5da, type: 3}
--- !u!1 &7359417120313208467
GameObject:
  m_ObjectHideFlags: 0
  m_CorrespondingSourceObject: {fileID: 1562133348833760092, guid: 363a94caafd6e1140acf0bafecfb3956,
    type: 3}
  m_PrefabInstance: {fileID: 4574923000396609719}
  m_PrefabAsset: {fileID: 0}
  serializedVersion: 6
  m_Component:
  - component: {fileID: 6205285301270676952}
  - component: {fileID: 3012597889522290829}
  - component: {fileID: 785528351810980510}
  - component: {fileID: 2022010081073176896}
  m_Layer: 0
  m_Name: Factory1_1
  m_TagString: Untagged
  m_Icon: {fileID: 0}
  m_NavMeshLayer: 0
  m_StaticEditorFlags: 0
  m_IsActive: 1
--- !u!4 &6205285301270676952
Transform:
  m_ObjectHideFlags: 0
  m_CorrespondingSourceObject: {fileID: 1560279396169577472, guid: 363a94caafd6e1140acf0bafecfb3956,
    type: 3}
  m_PrefabInstance: {fileID: 4574923000396609719}
  m_PrefabAsset: {fileID: 0}
  m_GameObject: {fileID: 7359417120313208467}
  m_LocalRotation: {x: -0, y: 0.9996353, z: -0, w: -0.027005803}
  m_LocalPosition: {x: 0.265, y: 0.49217087, z: 0.558}
  m_LocalScale: {x: 0.09999999, y: 0.1, z: 0.09999999}
  m_Children: []
  m_Father: {fileID: 2894103641583240106}
  m_RootOrder: 8
  m_LocalEulerAnglesHint: {x: 0, y: 183.09499, z: 0}
--- !u!33 &3012597889522290829
MeshFilter:
  m_ObjectHideFlags: 0
  m_CorrespondingSourceObject: {fileID: 1575398857239513232, guid: 363a94caafd6e1140acf0bafecfb3956,
    type: 3}
  m_PrefabInstance: {fileID: 4574923000396609719}
  m_PrefabAsset: {fileID: 0}
  m_GameObject: {fileID: 7359417120313208467}
  m_Mesh: {fileID: 4300000, guid: 71615fcac89189b40bcc68e81f91fc74, type: 3}
--- !u!23 &785528351810980510
MeshRenderer:
  m_ObjectHideFlags: 0
  m_CorrespondingSourceObject: {fileID: 1584230251819404324, guid: 363a94caafd6e1140acf0bafecfb3956,
    type: 3}
  m_PrefabInstance: {fileID: 4574923000396609719}
  m_PrefabAsset: {fileID: 0}
  m_GameObject: {fileID: 7359417120313208467}
  m_Enabled: 1
  m_CastShadows: 1
  m_ReceiveShadows: 1
  m_DynamicOccludee: 1
  m_MotionVectors: 1
  m_LightProbeUsage: 1
  m_ReflectionProbeUsage: 1
  m_RenderingLayerMask: 4294967295
  m_RendererPriority: 0
  m_Materials:
  - {fileID: 2100000, guid: 14a1a7d8e75042e49b9c79853b65f46d, type: 2}
  - {fileID: 2100000, guid: 14a1a7d8e75042e49b9c79853b65f46d, type: 2}
  - {fileID: 2100000, guid: 14a1a7d8e75042e49b9c79853b65f46d, type: 2}
  - {fileID: 2100000, guid: 14a1a7d8e75042e49b9c79853b65f46d, type: 2}
  - {fileID: 2100000, guid: 14a1a7d8e75042e49b9c79853b65f46d, type: 2}
  - {fileID: 2100000, guid: 14a1a7d8e75042e49b9c79853b65f46d, type: 2}
  m_StaticBatchInfo:
    firstSubMesh: 0
    subMeshCount: 0
  m_StaticBatchRoot: {fileID: 0}
  m_ProbeAnchor: {fileID: 0}
  m_LightProbeVolumeOverride: {fileID: 0}
  m_ScaleInLightmap: 1
  m_PreserveUVs: 0
  m_IgnoreNormalsForChartDetection: 0
  m_ImportantGI: 0
  m_StitchLightmapSeams: 0
  m_SelectedEditorRenderState: 3
  m_MinimumChartSize: 4
  m_AutoUVMaxDistance: 0.5
  m_AutoUVMaxAngle: 89
  m_LightmapParameters: {fileID: 0}
  m_SortingLayerID: 0
  m_SortingLayer: 0
  m_SortingOrder: 0
--- !u!64 &2022010081073176896
MeshCollider:
  m_ObjectHideFlags: 0
  m_CorrespondingSourceObject: {fileID: 1534734679171737660, guid: 363a94caafd6e1140acf0bafecfb3956,
    type: 3}
  m_PrefabInstance: {fileID: 4574923000396609719}
  m_PrefabAsset: {fileID: 0}
  m_GameObject: {fileID: 7359417120313208467}
  m_Material: {fileID: 0}
  m_IsTrigger: 0
  m_Enabled: 1
  serializedVersion: 3
  m_Convex: 0
  m_CookingOptions: 14
  m_Mesh: {fileID: 4300000, guid: aeb3504e1b705f6438dc3a81f021c233, type: 3}
--- !u!1 &8198593884011541508
GameObject:
  m_ObjectHideFlags: 0
  m_CorrespondingSourceObject: {fileID: 1763402430710336238, guid: 363a94caafd6e1140acf0bafecfb3956,
    type: 3}
  m_PrefabInstance: {fileID: 4574923000396609719}
  m_PrefabAsset: {fileID: 0}
  serializedVersion: 6
  m_Component:
  - component: {fileID: 4423347350242525962}
  - component: {fileID: 7088108687055327120}
  - component: {fileID: 5698272825245325642}
  - component: {fileID: 928976947788044831}
  m_Layer: 0
  m_Name: Tree9 (1)
  m_TagString: Untagged
  m_Icon: {fileID: 0}
  m_NavMeshLayer: 0
  m_StaticEditorFlags: 0
  m_IsActive: 1
--- !u!4 &4423347350242525962
Transform:
  m_ObjectHideFlags: 0
  m_CorrespondingSourceObject: {fileID: 1760247724447998384, guid: 363a94caafd6e1140acf0bafecfb3956,
    type: 3}
  m_PrefabInstance: {fileID: 4574923000396609719}
  m_PrefabAsset: {fileID: 0}
  m_GameObject: {fileID: 8198593884011541508}
  m_LocalRotation: {x: -0, y: -0, z: -0, w: 1}
  m_LocalPosition: {x: -0.76476216, y: 0.492171, z: 0.2415815}
  m_LocalScale: {x: 0.2, y: 0.2, z: 0.2}
  m_Children: []
  m_Father: {fileID: 2894103641583240106}
  m_RootOrder: 1
  m_LocalEulerAnglesHint: {x: 0, y: 0, z: 0}
--- !u!33 &7088108687055327120
MeshFilter:
  m_ObjectHideFlags: 0
  m_CorrespondingSourceObject: {fileID: 1732628547531357834, guid: 363a94caafd6e1140acf0bafecfb3956,
    type: 3}
  m_PrefabInstance: {fileID: 4574923000396609719}
  m_PrefabAsset: {fileID: 0}
  m_GameObject: {fileID: 8198593884011541508}
  m_Mesh: {fileID: 4300000, guid: a5f61b1a3f84da843bf8b33190918d11, type: 3}
--- !u!23 &5698272825245325642
MeshRenderer:
  m_ObjectHideFlags: 0
  m_CorrespondingSourceObject: {fileID: 1742423828393822382, guid: 363a94caafd6e1140acf0bafecfb3956,
    type: 3}
  m_PrefabInstance: {fileID: 4574923000396609719}
  m_PrefabAsset: {fileID: 0}
  m_GameObject: {fileID: 8198593884011541508}
  m_Enabled: 1
  m_CastShadows: 1
  m_ReceiveShadows: 1
  m_DynamicOccludee: 1
  m_MotionVectors: 1
  m_LightProbeUsage: 1
  m_ReflectionProbeUsage: 1
  m_RenderingLayerMask: 4294967295
  m_RendererPriority: 0
  m_Materials:
  - {fileID: 2100000, guid: 14a1a7d8e75042e49b9c79853b65f46d, type: 2}
  - {fileID: 2100000, guid: 14a1a7d8e75042e49b9c79853b65f46d, type: 2}
  m_StaticBatchInfo:
    firstSubMesh: 0
    subMeshCount: 0
  m_StaticBatchRoot: {fileID: 0}
  m_ProbeAnchor: {fileID: 0}
  m_LightProbeVolumeOverride: {fileID: 0}
  m_ScaleInLightmap: 1
  m_PreserveUVs: 0
  m_IgnoreNormalsForChartDetection: 0
  m_ImportantGI: 0
  m_StitchLightmapSeams: 0
  m_SelectedEditorRenderState: 3
  m_MinimumChartSize: 4
  m_AutoUVMaxDistance: 0.5
  m_AutoUVMaxAngle: 89
  m_LightmapParameters: {fileID: 0}
  m_SortingLayerID: 0
  m_SortingLayer: 0
  m_SortingOrder: 0
--- !u!64 &928976947788044831
MeshCollider:
  m_ObjectHideFlags: 0
  m_CorrespondingSourceObject: {fileID: 1772534040832397268, guid: 363a94caafd6e1140acf0bafecfb3956,
    type: 3}
  m_PrefabInstance: {fileID: 4574923000396609719}
  m_PrefabAsset: {fileID: 0}
  m_GameObject: {fileID: 8198593884011541508}
  m_Material: {fileID: 0}
  m_IsTrigger: 0
  m_Enabled: 1
  serializedVersion: 3
  m_Convex: 1
  m_CookingOptions: 14
  m_Mesh: {fileID: 4300000, guid: a5f61b1a3f84da843bf8b33190918d11, type: 3}
--- !u!1 &8726631406846435354
GameObject:
  m_ObjectHideFlags: 0
  m_CorrespondingSourceObject: {fileID: 6786490724196652899, guid: 363a94caafd6e1140acf0bafecfb3956,
    type: 3}
  m_PrefabInstance: {fileID: 4574923000396609719}
  m_PrefabAsset: {fileID: 0}
  serializedVersion: 6
  m_Component:
  - component: {fileID: 2579194143294760722}
  - component: {fileID: 6749201148078033072}
  - component: {fileID: 1077263148009746779}
  - component: {fileID: 3482279910879725971}
  m_Layer: 0
  m_Name: Bus_station2
  m_TagString: Untagged
  m_Icon: {fileID: 0}
  m_NavMeshLayer: 0
  m_StaticEditorFlags: 0
  m_IsActive: 1
--- !u!4 &2579194143294760722
Transform:
  m_ObjectHideFlags: 0
  m_CorrespondingSourceObject: {fileID: 6789231883283219123, guid: 363a94caafd6e1140acf0bafecfb3956,
    type: 3}
  m_PrefabInstance: {fileID: 4574923000396609719}
  m_PrefabAsset: {fileID: 0}
  m_GameObject: {fileID: 8726631406846435354}
  m_LocalRotation: {x: -0, y: 0.7071068, z: -0, w: 0.7071068}
  m_LocalPosition: {x: 0.784238, y: 0.49217087, z: -0.7054185}
  m_LocalScale: {x: 0.10000006, y: 0.1, z: 0.10000006}
  m_Children: []
  m_Father: {fileID: 2894103641583240106}
  m_RootOrder: 5
  m_LocalEulerAnglesHint: {x: 0, y: 90, z: 0}
--- !u!33 &6749201148078033072
MeshFilter:
  m_ObjectHideFlags: 0
  m_CorrespondingSourceObject: {fileID: 6799981042332123807, guid: 363a94caafd6e1140acf0bafecfb3956,
    type: 3}
  m_PrefabInstance: {fileID: 4574923000396609719}
  m_PrefabAsset: {fileID: 0}
  m_GameObject: {fileID: 8726631406846435354}
  m_Mesh: {fileID: 4300000, guid: ee77a69cd8bb21f4f82329ddc85af3bb, type: 3}
--- !u!23 &1077263148009746779
MeshRenderer:
  m_ObjectHideFlags: 0
  m_CorrespondingSourceObject: {fileID: 6808376419264584217, guid: 363a94caafd6e1140acf0bafecfb3956,
    type: 3}
  m_PrefabInstance: {fileID: 4574923000396609719}
  m_PrefabAsset: {fileID: 0}
  m_GameObject: {fileID: 8726631406846435354}
  m_Enabled: 1
  m_CastShadows: 1
  m_ReceiveShadows: 1
  m_DynamicOccludee: 1
  m_MotionVectors: 1
  m_LightProbeUsage: 1
  m_ReflectionProbeUsage: 1
  m_RenderingLayerMask: 4294967295
  m_RendererPriority: 0
  m_Materials:
  - {fileID: 2100000, guid: 14a1a7d8e75042e49b9c79853b65f46d, type: 2}
  m_StaticBatchInfo:
    firstSubMesh: 0
    subMeshCount: 0
  m_StaticBatchRoot: {fileID: 0}
  m_ProbeAnchor: {fileID: 0}
  m_LightProbeVolumeOverride: {fileID: 0}
  m_ScaleInLightmap: 1
  m_PreserveUVs: 0
  m_IgnoreNormalsForChartDetection: 0
  m_ImportantGI: 0
  m_StitchLightmapSeams: 0
  m_SelectedEditorRenderState: 3
  m_MinimumChartSize: 4
  m_AutoUVMaxDistance: 0.5
  m_AutoUVMaxAngle: 89
  m_LightmapParameters: {fileID: 0}
  m_SortingLayerID: 0
  m_SortingLayer: 0
  m_SortingOrder: 0
--- !u!64 &3482279910879725971
MeshCollider:
  m_ObjectHideFlags: 0
  m_CorrespondingSourceObject: {fileID: 6831472804744205909, guid: 363a94caafd6e1140acf0bafecfb3956,
    type: 3}
  m_PrefabInstance: {fileID: 4574923000396609719}
  m_PrefabAsset: {fileID: 0}
  m_GameObject: {fileID: 8726631406846435354}
  m_Material: {fileID: 0}
  m_IsTrigger: 0
  m_Enabled: 1
  serializedVersion: 3
  m_Convex: 0
  m_CookingOptions: 14
  m_Mesh: {fileID: 4300000, guid: 179ec1ff7dfa0584ab34a0d01dfa4dde, type: 3}
--- !u!1001 &4574923000396609719
PrefabInstance:
  m_ObjectHideFlags: 0
  serializedVersion: 2
  m_Modification:
    m_TransformParent: {fileID: 3509573235294664226}
    m_Modifications:
    - target: {fileID: 8116011888387068150, guid: 363a94caafd6e1140acf0bafecfb3956,
        type: 3}
      propertyPath: m_Name
      value: Factory_Model
      objectReference: {fileID: 0}
    - target: {fileID: 4499823706382690945, guid: 363a94caafd6e1140acf0bafecfb3956,
        type: 3}
      propertyPath: m_LocalPosition.x
      value: -0.0017000001
      objectReference: {fileID: 0}
    - target: {fileID: 4499823706382690945, guid: 363a94caafd6e1140acf0bafecfb3956,
        type: 3}
      propertyPath: m_LocalPosition.y
      value: 0.001700001
      objectReference: {fileID: 0}
    - target: {fileID: 4499823706382690945, guid: 363a94caafd6e1140acf0bafecfb3956,
        type: 3}
      propertyPath: m_LocalPosition.z
      value: 0.010700002
      objectReference: {fileID: 0}
    - target: {fileID: 4499823706382690945, guid: 363a94caafd6e1140acf0bafecfb3956,
        type: 3}
      propertyPath: m_LocalRotation.x
      value: -0.7071068
      objectReference: {fileID: 0}
    - target: {fileID: 4499823706382690945, guid: 363a94caafd6e1140acf0bafecfb3956,
        type: 3}
      propertyPath: m_LocalRotation.y
      value: -0
      objectReference: {fileID: 0}
    - target: {fileID: 4499823706382690945, guid: 363a94caafd6e1140acf0bafecfb3956,
        type: 3}
      propertyPath: m_LocalRotation.z
      value: -0
      objectReference: {fileID: 0}
    - target: {fileID: 4499823706382690945, guid: 363a94caafd6e1140acf0bafecfb3956,
        type: 3}
      propertyPath: m_LocalRotation.w
      value: 0.7071068
      objectReference: {fileID: 0}
    - target: {fileID: 4499823706382690945, guid: 363a94caafd6e1140acf0bafecfb3956,
        type: 3}
      propertyPath: m_RootOrder
      value: 0
      objectReference: {fileID: 0}
    - target: {fileID: 4499823706382690945, guid: 363a94caafd6e1140acf0bafecfb3956,
        type: 3}
      propertyPath: m_LocalEulerAnglesHint.x
      value: -90
      objectReference: {fileID: 0}
    - target: {fileID: 4499823706382690945, guid: 363a94caafd6e1140acf0bafecfb3956,
        type: 3}
      propertyPath: m_LocalEulerAnglesHint.y
      value: 0
      objectReference: {fileID: 0}
    - target: {fileID: 4499823706382690945, guid: 363a94caafd6e1140acf0bafecfb3956,
        type: 3}
      propertyPath: m_LocalEulerAnglesHint.z
      value: 0
      objectReference: {fileID: 0}
    - target: {fileID: 4499823706382690945, guid: 363a94caafd6e1140acf0bafecfb3956,
        type: 3}
      propertyPath: m_LocalScale.y
      value: 0.010000004
      objectReference: {fileID: 0}
    - target: {fileID: 4499823706382690945, guid: 363a94caafd6e1140acf0bafecfb3956,
        type: 3}
      propertyPath: m_LocalScale.z
      value: 0.010000004
      objectReference: {fileID: 0}
    - target: {fileID: 5755644459306982620, guid: 363a94caafd6e1140acf0bafecfb3956,
        type: 3}
      propertyPath: m_Controller
      value: 
      objectReference: {fileID: 9100000, guid: 42fbed43c9098ef4da84c366a91acc6a, type: 2}
    m_RemovedComponents:
    - {fileID: 1115257617389657141, guid: 363a94caafd6e1140acf0bafecfb3956, type: 3}
    - {fileID: 5755644459306982620, guid: 363a94caafd6e1140acf0bafecfb3956, type: 3}
  m_SourcePrefab: {fileID: 100100000, guid: 363a94caafd6e1140acf0bafecfb3956, type: 3}
