%YAML 1.1
%TAG !u! tag:unity3d.com,2011:
--- !u!241 &24100000
AudioMixerController:
  m_ObjectHideFlags: 0
  m_CorrespondingSourceObject: {fileID: 0}
  m_PrefabInstance: {fileID: 0}
  m_PrefabAsset: {fileID: 0}
  m_Name: Mixer
  m_OutputGroup: {fileID: 0}
  m_MasterGroup: {fileID: 24300002}
  m_Snapshots:
  - {fileID: 24500006}
  m_StartSnapshot: {fileID: 24500006}
  m_SuspendThreshold: -80
  m_EnableSuspend: 1
  m_UpdateMode: 0
  m_ExposedParameters: []
  m_AudioMixerGroupViews:
  - guids:
    - fdfc9b9e8f93d3844a9ee351b62dbd6e
    - 7cdd82a7ad5a00f499f5ede8fcdb7d76
    - 44300e83e99958e4a9bb91ed704a614a
    name: View
  m_CurrentViewIndex: 0
  m_TargetSnapshot: {fileID: 24500006}
--- !u!243 &24300002
AudioMixerGroupController:
  m_ObjectHideFlags: 0
  m_CorrespondingSourceObject: {fileID: 0}
  m_PrefabInstance: {fileID: 0}
  m_PrefabAsset: {fileID: 0}
  m_Name: Master
  m_AudioMixer: {fileID: 24100000}
  m_GroupID: fdfc9b9e8f93d3844a9ee351b62dbd6e
  m_Children:
  - {fileID: 243111911316370414}
  - {fileID: 243500195474910820}
  m_Volume: 29ce5966fc1698c479cd9dd70ad2a96f
  m_Pitch: 68d75093d57eb634b8b6e04332a464af
  m_Effects:
  - {fileID: 24400004}
  m_UserColorIndex: 0
  m_Mute: 0
  m_Solo: 0
  m_BypassEffects: 0
--- !u!244 &24400004
AudioMixerEffectController:
  m_ObjectHideFlags: 3
  m_CorrespondingSourceObject: {fileID: 0}
  m_PrefabInstance: {fileID: 0}
  m_PrefabAsset: {fileID: 0}
  m_Name: 
  m_EffectID: 493db1cdef7133142998f0fb584dd56b
  m_EffectName: Attenuation
  m_MixLevel: b2db3ceac6c1ef44bbd073c63d1e0348
  m_Parameters: []
  m_SendTarget: {fileID: 0}
  m_EnableWetMix: 0
  m_Bypass: 0
--- !u!245 &24500006
AudioMixerSnapshotController:
  m_ObjectHideFlags: 0
  m_CorrespondingSourceObject: {fileID: 0}
  m_PrefabInstance: {fileID: 0}
  m_PrefabAsset: {fileID: 0}
  m_Name: Snapshot
  m_AudioMixer: {fileID: 24100000}
  m_SnapshotID: 9e62f2db291cac344b52e8cb5f9d90d3
  m_FloatValues:
    542617d4d5c5d7a4b9980b4c73e99ac5: -4.1973577
  m_TransitionOverrides: {}
--- !u!243 &243111911316370414
AudioMixerGroupController:
  m_ObjectHideFlags: 0
  m_CorrespondingSourceObject: {fileID: 0}
  m_PrefabInstance: {fileID: 0}
  m_PrefabAsset: {fileID: 0}
  m_Name: Background
  m_AudioMixer: {fileID: 24100000}
  m_GroupID: 7cdd82a7ad5a00f499f5ede8fcdb7d76
  m_Children: []
  m_Volume: 542617d4d5c5d7a4b9980b4c73e99ac5
  m_Pitch: ed2d70118dff6a24281ff2c8a9e11073
  m_Effects:
  - {fileID: 244308211673672412}
  m_UserColorIndex: 0
  m_Mute: 0
  m_Solo: 0
  m_BypassEffects: 0
--- !u!243 &243500195474910820
AudioMixerGroupController:
  m_ObjectHideFlags: 0
  m_CorrespondingSourceObject: {fileID: 0}
  m_PrefabInstance: {fileID: 0}
  m_PrefabAsset: {fileID: 0}
  m_Name: Interaction
  m_AudioMixer: {fileID: 24100000}
  m_GroupID: 44300e83e99958e4a9bb91ed704a614a
  m_Children: []
  m_Volume: 2d237f3b1b73cd042aecab7b6df72092
  m_Pitch: b5151d4c1a0c4d7479a6f3bba0cb82de
  m_Effects:
  - {fileID: 244983412663703556}
  m_UserColorIndex: 0
  m_Mute: 0
  m_Solo: 0
  m_BypassEffects: 0
--- !u!244 &244308211673672412
AudioMixerEffectController:
  m_ObjectHideFlags: 3
  m_CorrespondingSourceObject: {fileID: 0}
  m_PrefabInstance: {fileID: 0}
  m_PrefabAsset: {fileID: 0}
  m_Name: 
  m_EffectID: 2b43e24ba79dfdc4c9679167f0717230
  m_EffectName: Attenuation
  m_MixLevel: f017de0e4f9a05d4483a49c691d10f6c
  m_Parameters: []
  m_SendTarget: {fileID: 0}
  m_EnableWetMix: 0
  m_Bypass: 0
--- !u!244 &244983412663703556
AudioMixerEffectController:
  m_ObjectHideFlags: 3
  m_CorrespondingSourceObject: {fileID: 0}
  m_PrefabInstance: {fileID: 0}
  m_PrefabAsset: {fileID: 0}
  m_Name: 
  m_EffectID: 761bb8aa0929d534cabaf3e93a017081
  m_EffectName: Attenuation
  m_MixLevel: 62d0fb4ebe1236d4cb37710026ee1fd2
  m_Parameters: []
  m_SendTarget: {fileID: 0}
  m_EnableWetMix: 0
  m_Bypass: 0
